@inproceedings{OCNN,
  title={Face Mask Detection by using Optimistic Convolutional Neural Network},
  author={Suresh, K and Palangappa, MB and Bhuvan, S},
  booktitle={2021 6th International Conference on Inventive Computation Technologies (ICICT)},
  pages={1084--1089},
  year={2021},
  organization={IEEE}
}
@article{leung2020respiratory,
  title={Respiratory virus shedding in exhaled breath and efficacy of face masks},
  author={Leung, Nancy HL and Chu, Daniel KW and Shiu, Eunice YC and Chan, Kwok-Hung and McDevitt, James J and Hau, Benien JP and Yen, Hui-Ling and Li, Yuguo and Ip, Dennis KM and Peiris, JS Malik and others},
  journal={Nature medicine},
  volume={26},
  number={5},
  pages={676--680},
  year={2020},
  publisher={Nature Publishing Group}
}
@article{feng2020rational,
  title={Rational use of face masks in the COVID-19 pandemic},
  author={Feng, Shuo and Shen, Chen and Xia, Nan and Song, Wei and Fan, Mengzhen and Cowling, Benjamin J},
  journal={The Lancet Respiratory Medicine},
  volume={8},
  number={5},
  pages={434--436},
  year={2020},
  publisher={Elsevier}
}
@inproceedings{agarwal2020face,
  title={Face Mask Detection Using Transfer Learning of InceptionV3},
  author={Agarwal, Sonali},
  booktitle={Big Data Analytics: 8th International Conference, BDA 2020, Sonepat, India, December 15--18, 2020, Proceedings},
  pages={81},
  organization={Springer Nature}
}

@article{VACCINE,
  title={A strategic approach to COVID-19 vaccine R\&D},
  author={Corey, Lawrence and Mascola, John R and Fauci, Anthony S and Collins, Francis S},
  journal={Science},
  volume={368},
  number={6494},
  pages={948--950},
  year={2020},
  publisher={American Association for the Advancement of Science}
}
@article{jiang2021real,
  title={Real-Time Face Mask Detection Method Based on YOLOv3},
  author={Jiang, Xinbei and Gao, Tianhan and Zhu, Zichen and Zhao, Yukang},
  journal={Electronics},
  volume={10},
  number={7},
  pages={837},
  year={2021},
  publisher={Multidisciplinary Digital Publishing Institute}
}

@misc{WHO,
  title = {World Health Organization (WHO) Q&A: Masks and COVID-19},
  howpublished = {\url{Available Online: https://www.who.int/emergencies/diseases/novel-coronaviru-2019/questionandanswers-hub/q-a-detail/q-a-on-covid-19-an-masks}},
  note = {Accessed: 2020-08-04}
}

@article{fang2020transmission,
  title={Transmission dynamics of the COVID-19 outbreak and effectiveness of government interventions: A data-driven analysis},
  author={Fang, Yaqing and Nie, Yiting and Penny, Marshare},
  journal={Journal of medical virology},
  volume={92},
  number={6},
  pages={645--659},
  year={2020},
  publisher={Wiley Online Library}
}

@article{zhang2021novel,
  title={A Novel Detection Framework About Conditions of Wearing Face Mask for Helping Control the Spread of COVID-19},
  author={Zhang, Jun and Han, Feiteng and Chun, Yutong and Chen, Wang},
  journal={IEEE Access},
  volume={9},
  pages={42975--42984},
  year={2021},
  publisher={IEEE}
}
@inproceedings{chowdary2020face,
  title={Face mask detection using transfer learning of inceptionv3},
  author={Chowdary, G Jignesh and Punn, Narinder Singh and Sonbhadra, Sanjay Kumar and Agarwal, Sonali},
  booktitle={International Conference on Big Data Analytics},
  pages={81--90},
  year={2020},
  organization={Springer}
}
@inproceedings{benenson2014ten,
  title={Ten years of pedestrian detection, what have we learned?},
  author={Benenson, Rodrigo and Omran, Mohamed and Hosang, Jan and Schiele, Bernt},
  booktitle={European Conference on Computer Vision},
  pages={613--627},
  year={2014},
  organization={Springer}
}
@inproceedings{fu2010survey,
  title={A survey of traffic sign recognition},
  author={Fu, Meng-Yin and Huang, Yuan-Shui},
  booktitle={2010 International Conference on Wavelet Analysis and Pattern Recognition},
  pages={119--124},
  year={2010},
  organization={IEEE}
}
@article{yadav2020deep,
  title={Deep Learning based Safe Social Distancing and Face Mask Detection in Public Areas for COVID-19 Safety Guidelines Adherence},
  author={Yadav, Shashi},
  journal={International Journal for Research in Applied Science and Engineering Technology},
  volume={8},
  number={7},
  pages={1368--1375},
  year={2020}
}
@article{E1,
  title={Face Mask Detection in Classroom using Deep Convolutional Neural Network},
  author={Nithiyasree, K and others},
  journal={Turkish Journal of Computer and Mathematics Education (TURCOMAT)},
  volume={12},
  number={10},
  pages={1462--1466},
  year={2021}
}
@article{E2,
  title={FACE MASK DETECTION USING CONVOLUTIONAL NEURAL NETWORK},
  author={Mata, Beena Ullala and others},
  journal={Journal of Natural Remedies},
  volume={21},
  number={12 (1)},
  pages={14--19},
  year={2021}
}
@article{A1,
  title={A fast face detection method via convolutional neural network},
  author={Guo, Guanjun and Wang, Hanzi and Yan, Yan and Zheng, Jin and Li, Bo},
  journal={Neurocomputing},
  volume={395},
  pages={128--137},
  year={2020},
  publisher={Elsevier}
}
@inproceedings{A2,
  title={COVID-19 face mask detection in a crowd using multi-model based on YOLOv3 and hand-crafted features},
  author={Liu, Shao and Agaian, Sos S},
  booktitle={Multimodal Image Exploitation and Learning 2021},
  volume={11734},
  pages={117340M},
  year={2021},
  organization={International Society for Optics and Photonics}
}
@inproceedings{suresh2021face,
  title={Face Mask Detection by using Optimistic Convolutional Neural Network},
  author={Suresh, K and Palangappa, MB and Bhuvan, S},
  booktitle={2021 6th International Conference on Inventive Computation Technologies (ICICT)},
  pages={1084--1089},
  year={2021},
  organization={IEEE}
}
@inproceedings{adusumalli2021face,
  title={Face Mask Detection Using OpenCV},
  author={Adusumalli, Harish and Kalyani, D and Sri, R Krishna and Pratapteja, M and Rao, PVRD Prasada},
  booktitle={2021 Third International Conference on Intelligent Communication Technologies and Virtual Mobile Networks (ICICV)},
  pages={1304--1309},
  year={2021},
  organization={IEEE}
}
@article{agarwal2020unleashing,
  title={Unleashing the power of disruptive and emerging technologies amid COVID-19: A detailed review},
  author={Agarwal, Sonali and Punn, Narinder Singh and Sonbhadra, Sanjay Kumar and Tanveer, M and Nagabhushan, P and Pandian, KK and Saxena, Praveer},
  journal={arXiv preprint arXiv:2005.11507},
  year={2020}
}